[gd_scene load_steps=6 format=2]

[ext_resource path="res://b-gliding-and-accelerating/bird-gliding-and-accelerating.gd" type="Script" id=1]
[ext_resource path="res://b-gliding-and-accelerating/CanvasLayer.gd" type="Script" id=2]
[ext_resource path="res://icon.png" type="Texture" id=3]
[ext_resource path="res://common/walls.tscn" type="PackedScene" id=4]

[sub_resource type="RectangleShape2D" id=1]
extents = Vector2( 30.8254, 30.4279 )

[node name="Node2D" type="Node2D"]

[node name="bird" type="KinematicBody2D" parent="."]
position = Vector2( 522.867, 270.883 )
script = ExtResource( 1 )

[node name="Sprite" type="Sprite" parent="bird"]
texture = ExtResource( 3 )

[node name="CollisionShape2D" type="CollisionShape2D" parent="bird"]
shape = SubResource( 1 )

[node name="CanvasLayer" type="CanvasLayer" parent="."]
script = ExtResource( 2 )

[node name="MarginContainer" type="MarginContainer" parent="CanvasLayer"]
anchor_bottom = 1.0
margin_right = 272.0
custom_constants/margin_right = 30
custom_constants/margin_top = 30
custom_constants/margin_left = 30
custom_constants/margin_bottom = 30
__meta__ = {
"_edit_use_anchors_": false,
"_editor_description_": ""
}

[node name="VBoxContainer" type="VBoxContainer" parent="CanvasLayer/MarginContainer"]
margin_left = 30.0
margin_top = 30.0
margin_right = 242.0
margin_bottom = 570.0

[node name="Label" type="Label" parent="CanvasLayer/MarginContainer/VBoxContainer"]
margin_right = 212.0
margin_bottom = 14.0
text = "Velocity: "

[node name="walls" parent="." instance=ExtResource( 4 )]
[connection signal="velocity_changed" from="bird" to="CanvasLayer" method="_on_bird_velocity_changed"]
